% This file was created with JabRef 2.10.
% Encoding: Cp1252

@InProceedings{dexlego:dsn18,
    Title 				= {{DexLego: Reassembleable bytecode extraction for aiding static analysis}},
    Author 			= {Zhenyu Ning and Fengwei Zhang},
    Year 				= {2018},			     		            
    Booktitle 			= {Proceedings of the 48th Annual IEEE/IFIP International Conference on Dependable Systems and Networks (DSN'18)},
}

@Misc{CVE-2021-33909,
  Title                    = {{CVE-2021-33909}},
  Author                   = {{CVE}},
  HowPublished      = {\url{http://cve.mitre.org/cgi-bin/cvename.cgi?name=CVE-2021-33909}}
}

@Misc{CVE-2021-33200,
  Title                    = {{CVE-2021-33200}},
  Author                   = {{CVE}},
  HowPublished      = {\url{http://cve.mitre.org/cgi-bin/cvename.cgi?name=CVE-2021-33200}}
}

@Misc{CVE-2021-32606,
  Title                    = {{CVE-2021-32606}},
  Author                   = {{CVE}},
  HowPublished      = {\url{http://cve.mitre.org/cgi-bin/cvename.cgi?name=CVE-2021-32606}}
}



@Misc{CVE-2017-17176,
  Title                    = {{CVE-2017-17176}},
  Author                   = {{CVE}},
  HowPublished      = {\url{http://cve.mitre.org/cgi-bin/cvename.cgi?name=CVE-2017-17176}}
}

@Misc{CVE-2018-12010,
  Title                    = {{CVE-2018-12010}},
  Author                   = {{CVE}},
  HowPublished      = {\url{http://cve.mitre.org/cgi-bin/cvename.cgi?name=CVE-2018-12010}}
}

@Misc{CVE-2019-2318,
  Title                    = {{CVE-2019-2318}},
  Author                   = {{CVE}},
  HowPublished      = {\url{http://cve.mitre.org/cgi-bin/cvename.cgi?name=CVE-2019-2318}}
}

@Misc{CVE-2016-0805,
  Title                    = {{CVE-2016-0805}},
  Author                   = {{CVE}},
  HowPublished      = {\url{https://cve.mitre.org/cgi-bin/cvename.cgi?name=CVE-2016-0805}}
}

@Misc{CVE-2015-8966,
  Title                    = {{CVE-2015-8966}},
  Author                   = {{CVE}},
  HowPublished      = {\url{https://cve.mitre.org/cgi-bin/cvename.cgi?name=CVE-2015-8966}}
}

@Misc{CVE-2014-9888,
  Title                    = {{CVE-2014-9888}},
  Author                   = {{CVE}},
  HowPublished      = {\url{https://cve.mitre.org/cgi-bin/cvename.cgi?name=CVE-2014-9888}}
}

@Misc{arm:tzc400,
  Title                    = {{ARM CoreLink TZC-400 TrustZone Address Space Controller Technical Reference Manual}},
  Author                   = {{ARM}},
  HowPublished      = {\url{https://developer.arm.com/documentation/ddi0504/latest/}}
}

@Misc{arm:armv8a,
  Title                    = {{Arm Architecture Reference Manual Armv8, for Armv8-A architecture profile}},
  Author                   = {{ARM}},
  HowPublished      = {\url{https://developer.arm.com/documentation/ddi0487/latest/}}
}

@Misc{arm:trustzone,
  Title                    = {{Arm TrustZone Technology}},
  Author                   = {{ARM}},
  HowPublished      = {\url{https://developer.arm.com/ip-products/security-ip/trustzone}}
}

@Misc{arm:tzc380,
  Title                    = {{CoreLink TrustZone Address Space Controller TZC-380 Technical Reference Manual}},
  Author                   = {{ARM}},
  HowPublished      = {\url{https://developer.arm.com/documentation/ddi0431/latest/}}
}

@Misc{sysbench,
	Title                    = {{sysbench}},
	Author                   = {{akopytov}},
	HowPublished      = {\url{https://github.com/akopytov/sysbench}}
}

@inproceedings{aspdac:wenjian2020igpu,
  title={igpu leak: An information leakage vulnerability on intel integrated gpu},
  author={Wenjian, HE and Zhang, Wei and Sinha, Sharad and Das, Sanjeev},
  booktitle={2020 25th Asia and South Pacific Design Automation Conference (ASP-DAC)},
  pages={56--61},
  year={2020},
  organization={IEEE}
}

@inproceedings{iccd:karimi2018timing,
  title={A timing side-channel attack on a mobile gpu},
  author={Karimi, Elmira and Jiang, Zhen Hang and Fei, Yunsi and Kaeli, David},
  booktitle={2018 IEEE 36th International Conference on Computer Design (ICCD)},
  pages={67--74},
  year={2018},
  organization={IEEE}
}

@inproceedings{dac:sabbagh2020novel,
  title={A novel GPU overdrive fault attack},
  author={Sabbagh, Majid and Fei, Yunsi and Kaeli, David},
  booktitle={2020 57th ACM/IEEE Design Automation Conference (DAC)},
  pages={1--6},
  year={2020},
  organization={IEEE}
}

@inproceedings{ccs:naghibijouybari2018rendered,
  title={Rendered insecure: GPU side channel attacks are practical},
  author={Naghibijouybari, Hoda and Neupane, Ajaya and Qian, Zhiyun and Abu-Ghazaleh, Nael},
  booktitle={Proceedings of the 2018 ACM SIGSAC Conference on Computer and Communications Security},
  pages={2139--2153},
  year={2018}
}

@article{taco:luo2019side,
  title={Side-channel Timing Attack of RSA on a GPU},
  author={Luo, Chao and Fei, Yunsi and Kaeli, David},
  journal={ACM Transactions on Architecture and Code Optimization (TACO)},
  volume={16},
  number={3},
  pages={1--18},
  year={2019},
  publisher={ACM New York, NY, USA}
}

@inproceedings{iccd:wang2020pacsca,
  title={pacSCA: A Profiling-Assisted Correlation-based Side-Channel Attack on GPUs},
  author={Wang, Xin and Zhang, Wei},
  booktitle={2020 IEEE 38th International Conference on Computer Design (ICCD)},
  pages={525--528},
  year={2020},
  organization={IEEE}
}

@article{taco:jiang2019exploiting,
  title={Exploiting bank conflict-based side-channel timing leakage of gpus},
  author={Jiang, Zhen Hang and Fei, Yunsi and Kaeli, David},
  journal={ACM Transactions on Architecture and Code Optimization (TACO)},
  volume={16},
  number={4},
  pages={1--24},
  year={2019},
  publisher={ACM New York, NY, USA}
}

@inproceedings{nsdi:hunt2020telekine,
  title={Telekine: Secure computing with cloud gpus},
  author={Hunt, Tyler and Jia, Zhipeng and Miller, Vance and Szekely, Ariel and Hu, Yige and Rossbach, Christopher J and Witchel, Emmett},
  booktitle={17th $\{$USENIX$\}$ Symposium on Networked Systems Design and Implementation ($\{$NSDI$\}$ 20)},
  pages={817--833},
  year={2020}
}

@inproceedings{osdi:volos2018graviton,
  title={Graviton: Trusted execution environments on gpus},
  author={Volos, Stavros and Vaswani, Kapil and Bruno, Rodrigo},
  booktitle={13th $\{$USENIX$\}$ Symposium on Operating Systems Design and Implementation ($\{$OSDI$\}$ 18)},
  pages={681--696},
  year={2018}
}

@inproceedings{asplos19:jang2019heterogeneous,
  title={Heterogeneous isolated execution for commodity gpus},
  author={Jang, Insu and Tang, Adrian and Kim, Taehoon and Sethumadhavan, Simha and Huh, Jaehyuk},
  booktitle={Proceedings of the Twenty-Fourth International Conference on Architectural Support for Programming Languages and Operating Systems},
  pages={455--468},
  year={2019}
}

@Misc{arm:atf,
  Title                    = {{Arm-Trusted-Firmware}},
  Author                   = {{ARM}},
  HowPublished      = {\url{https://github.com/ARM-software/arm-trusted-firmware}}
}

@Misc{arm:opencl,
  Title                    = {{OpenCL}},
  Author                   = {{ARM}},
  HowPublished      = {\url{https://developer.arm.com/tools-and-software/graphics-and-gaming/mali-drivers/user-space}}
}

@Misc{arm:openclguide,
  Title                    = {{Arm Mali Midgard OpenCL Developer Guide}},
  Author                   = {{ARM}},
  HowPublished      = {\url{https://developer.arm.com/documentation/100614/latest/}}
}
@Misc{arm:openglguide,
  Title                    = {{ARM Mali GPU OpenGL ES 3.x Developer Guide}},
  Author                   = {{ARM}},
  HowPublished      = {\url{https://developer.arm.com/documentation/100587/latest}}
}
@Misc{arm:midgard,
  Title                    = {{Open Source Mali Midgard GPU Kernel Drivers}},
  Author                   = {{ARM}},
  HowPublished      = {\url{https://developer.arm.com/tools-and-software/graphics-and-gaming/mali-drivers/midgard-kernel}}
}
@Misc{arm:junor2,
  Title                    = {{Juno r2 ARM Development Platform SoC}},
  Author                   = {{ARM}},
  HowPublished      = {\url{https://developer.arm.com/documentation/ddi0515/latest}}
}
@Misc{arm:gicv2,
  Title                    = {{ARM Generic Interrupt Controller Architecture Specification version 2.0}},
  Author                   = {{ARM}},
  HowPublished      = {\url{https://developer.arm.com/documentation/ihi0048/latest}}
}


@Misc{apple:bionic,
  Title                    = {{Discover Metal enhancements for A14 Bionic}},
  Author                   = {{Apple}},
  HowPublished      = {\url{https://developer.apple.com/videos/play/tech-talks/10858/}}
}

@Misc{qualcomm:adreno,
  Title                    = {{Adreno Graphics Processing Units}},
  Author                   = {{Qualcomm}},
  HowPublished      = {\url{https://developer.qualcomm.com/software/adreno-gpu-sdk/gpu/}}
}

@Misc{arm:trusttech,
  Title                    = {{ARM Security Technology Building a Secure System using TrustZone Technology}},
  Author                   = {{ARM}},
  HowPublished      = {\url{https://developer.arm.com/documentation/genc009492/latest}}
}

@Misc{arm:mali,
  Title                    = {{Arm Mali Graphics Processing Units (GPUs)}},
  Author                   = {{ARM}},
  HowPublished      = {\url{https://developer.arm.com/ip-products/graphics-and-multimedia/mali-gpus}}
}


@Misc{mali:compression,
  Title                    = {{Mali Texture Compression Tool}},
  Author                   = {{ARM}},
  HowPublished      = {\url{https://developer.arm.com/tools-and-software/graphics-and-gaming/mali-texture-compression-tool}}
}

@Misc{mali:vr,
  Title                    = {{VR best practice}},
  Author                   = {{ARM}},
  HowPublished      = {\url{https://developer.arm.com/solutions/graphics-and-gaming/developer-guides/vr-best-practice}}
}

@Misc{mali:gaming,
  Title                    = {{Game engine guides}},
  Author                   = {{ARM}},
  HowPublished      = {\url{https://developer.arm.com/solutions/graphics-and-gaming/developer-guides/game-engine-guides}}
}

@Misc{knox,
  Title                    = {{Secured by Knox}},
  Author                   = {{Samsung}},
  HowPublished      = {\url{https://www.samsungknox.com/en/secured-by-knox}}
}

@Misc{keystore,
  Title                    = {{Android Keystore}},
  Author                   = {{Android}},
  HowPublished      = {\url{https://developer.android.com/training/articles/keystore.html}}
}


@inproceedings{grasso2014energy,
  title={Energy efficient hpc on embedded socs: Optimization techniques for mali gpu},
  author={Grasso, Ivan and Radojkovic, Petar and Rajovic, Nikola and Gelado, Isaac and Ramirez, Alex},
  booktitle={2014 IEEE 28th International parallel and distributed processing symposium},
  pages={123--132},
  year={2014},
  organization={IEEE}
}

@inproceedings{latifi2016cnndroid,
  title={Cnndroid: Gpu-accelerated execution of trained deep convolutional neural networks on android},
  author={Latifi Oskouei, Seyyed Salar and Golestani, Hossein and Hashemi, Matin and Ghiasi, Soheil},
  booktitle={Proceedings of the 24th ACM international conference on Multimedia},
  pages={1201--1205},
  year={2016}
}

@Misc{amd:sev,
  Title                    = {{AMD Secure Encrypted Virtualization (SEV)}},
  Author                   = {{AMD}},
  HowPublished      = {\url{https://developer.amd.com/sev/}}
}

@article{intel:sgx,
  title={Intel SGX Explained.},
  author={Costan, Victor and Devadas, Srinivas},
  journal={IACR Cryptol. ePrint Arch.},
  volume={2016},
  number={86},
  pages={1--118},
  year={2016}
}

@inproceedings{jang2019heterogeneous,
  title={Heterogeneous isolated execution for commodity gpus},
  author={Jang, Insu and Tang, Adrian and Kim, Taehoon and Sethumadhavan, Simha and Huh, Jaehyuk},
  booktitle={Proceedings of the Twenty-Fourth International Conference on Architectural Support for Programming Languages and Operating Systems},
  pages={455--468},
  year={2019}
}

@inproceedings{hua2017vtz,
  title={vtz: Virtualizing $\{$ARM$\}$ trustzone},
  author={Hua, Zhichao and Gu, Jinyu and Xia, Yubin and Chen, Haibo and Zang, Binyu and Guan, Haibing},
  booktitle={26th $\{$USENIX$\}$ Security Symposium ($\{$USENIX$\}$ Security 17)},
  pages={541--556},
  year={2017}
}

@inproceedings{li2019teev,
  title={TEEv: virtualizing trusted execution environments on mobile platforms},
  author={Li, Wenhao and Xia, Yubin and Lu, Long and Chen, Haibo and Zang, Binyu},
  booktitle={Proceedings of the 15th ACM SIGPLAN/SIGOPS International Conference on Virtual Execution Environments},
  pages={2--16},
  year={2019}
}

@inproceedings{kivity2007kvm,
  title={kvm: the Linux virtual machine monitor},
  author={Kivity, Avi and Kamay, Yaniv and Laor, Dor and Lublin, Uri and Liguori, Anthony},
  booktitle={Proceedings of the Linux symposium},
  volume={1},
  number={8},
  pages={225--230},
  year={2007},
  organization={Dttawa, Dntorio, Canada}
}

@article{barham2003xen,
  title={Xen and the art of virtualization},
  author={Barham, Paul and Dragovic, Boris and Fraser, Keir and Hand, Steven and Harris, Tim and Ho, Alex and Neugebauer, Rolf and Pratt, Ian and Warfield, Andrew},
  journal={ACM SIGOPS operating systems review},
  volume={37},
  number={5},
  pages={164--177},
  year={2003},
  publisher={ACM New York, NY, USA}
}

@inproceedings{lentz2018secloak,
  title={Secloak: Arm trustzone-based mobile peripheral control},
  author={Lentz, Matthew and Sen, Rijurekha and Druschel, Peter and Bhattacharjee, Bobby},
  booktitle={Proceedings of the 16th Annual International Conference on Mobile Systems, Applications, and Services},
  pages={1--13},
  year={2018}
}

@inproceedings{wan2020rustee,
  title={RusTEE: Developing Memory-Safe ARM TrustZone Applications},
  author={Wan, Shengye and Sun, Mingshen and Sun, Kun and Zhang, Ning and He, Xu},
  booktitle={Annual Computer Security Applications Conference},
  pages={442--453},
  year={2020}
}

@inproceedings{che2009rodinia,
  title={Rodinia: A benchmark suite for heterogeneous computing},
  author={Che, Shuai and Boyer, Michael and Meng, Jiayuan and Tarjan, David and Sheaffer, Jeremy W and Lee, Sang-Ha and Skadron, Kevin},
  booktitle={2009 IEEE international symposium on workload characterization (IISWC)},
  pages={44--54},
  year={2009},
  organization={Ieee}
}

@article{ozga2021perun,
  title={Perun: Secure Multi-Stakeholder Machine Learning Framework with GPU Support},
  author={Ozga, Wojciech and Quoc, Do Le and Fetzer, Christof},
  journal={arXiv preprint arXiv:2103.16898},
  year={2021}
}

@inproceedings{masti2015thermal,
  title={Thermal covert channels on multi-core platforms},
  author={Masti, Ramya Jayaram and Rai, Devendra and Ranganathan, Aanjhan and M{\"u}ller, Christian and Thiele, Lothar and Capkun, Srdjan},
  booktitle={24th $\{$USENIX$\}$ Security Symposium ($\{$USENIX$\}$ Security 15)},
  pages={865--880},
  year={2015}
}

@inproceedings{kocher1999differential,
  title={Differential power analysis},
  author={Kocher, Paul and Jaffe, Joshua and Jun, Benjamin},
  booktitle={Annual international cryptology conference},
  pages={388--397},
  year={1999},
  organization={Springer}
}

@article{halderman2009lest,
  title={Lest we remember: cold-boot attacks on encryption keys},
  author={Halderman, J Alex and Schoen, Seth D and Heninger, Nadia and Clarkson, William and Paul, William and Calandrino, Joseph A and Feldman, Ariel J and Appelbaum, Jacob and Felten, Edward W},
  journal={Communications of the ACM},
  volume={52},
  number={5},
  pages={91--98},
  year={2009},
  publisher={ACM New York, NY, USA}
}

@inproceedings{side:jiang2017novel,
  title={A novel side-channel timing attack on GPUs},
  author={Jiang, Zhen Hang and Fei, Yunsi and Kaeli, David},
  booktitle={Proceedings of the on Great Lakes Symposium on VLSI 2017},
  pages={167--172},
  year={2017}
}

@article{side:luo2019side,
  title={Side-channel Timing Attack of RSA on a GPU},
  author={Luo, Chao and Fei, Yunsi and Kaeli, David},
  journal={ACM Transactions on Architecture and Code Optimization (TACO)},
  volume={16},
  number={3},
  pages={1--18},
  year={2019},
  publisher={ACM New York, NY, USA}
}

@article{side:jiang2019exploiting,
  title={Exploiting bank conflict-based side-channel timing leakage of gpus},
  author={Jiang, Zhen Hang and Fei, Yunsi and Kaeli, David},
  journal={ACM Transactions on Architecture and Code Optimization (TACO)},
  volume={16},
  number={4},
  pages={1--24},
  year={2019},
  publisher={ACM New York, NY, USA}
}

@inproceedings{kato2012gdev,
  title={Gdev: First-class $\{$GPU$\}$ resource management in the operating system},
  author={Kato, Shinpei and McThrow, Michael and Maltzahn, Carlos and Brandt, Scott},
  booktitle={2012 $\{$USENIX$\}$ Annual Technical Conference ($\{$USENIX$\}$$\{$ATC$\}$ 12)},
  pages={401--412},
  year={2012}
}

@Misc{Nouveau,
  Title                    = {{Accelerated open source driver for NVIDIA cards.}},
  Author                   = {{Nouveau}},
  HowPublished      = {\url{https://nouveau.freedesktop.org/wiki}}
}

@Misc{ROCm,
  Title                    = {{ROCm, a New Era in Open GPU Computing.}},
  Author                   = {{AMD}},
  HowPublished      = {\url{https://rocm.github.io/index.html}}
}

@Misc{nvidia,
  Title                    = {{NVIDIA}},
  Author                   = {{NVIDIA}},
  HowPublished      = {\url{https://www.nvidia.com}}
}

@article{LeNet-5,
  title={Gradient-based learning applied to document recognition},
  author={LeCun, Yann and Bottou, L{\'e}on and Bengio, Yoshua and Haffner, Patrick},
  journal={Proceedings of the IEEE},
  volume={86},
  number={11},
  pages={2278--2324},
  year={1998},
  publisher={Ieee}
}

@article{howard2017mobilenets,
  title={Mobilenets: Efficient convolutional neural networks for mobile vision applications},
  author={Howard, Andrew G and Zhu, Menglong and Chen, Bo and Kalenichenko, Dmitry and Wang, Weijun and Weyand, Tobias and Andreetto, Marco and Adam, Hartwig},
  journal={arXiv preprint arXiv:1704.04861},
  year={2017}
}

@article{maurer2000diffie,
  title={The diffie--hellman protocol},
  author={Maurer, Ueli M and Wolf, Stefan},
  journal={Designs, Codes and Cryptography},
  volume={19},
  number={2},
  pages={147--171},
  year={2000},
  publisher={Springer}
}

@inproceedings{brasser2019sanctuary,
  title={SANCTUARY: ARMing TrustZone with User-space Enclaves.},
  author={Brasser, Ferdinand and Gens, David and Jauernig, Patrick and Sadeghi, Ahmad-Reza and Stapf, Emmanuel},
  booktitle={NDSS},
  year={2019}
}

@article{sun2021app,
  title={App Developer Centric Trusted Execution Environment},
  author={Sun, Lizhi and Wang, Shuocheng and Wu, Hao and Gong, Yuhang and Xu, Fengyuan and Liu, Yunxin and Han, Hao and Zhong, Sheng},
  journal={arXiv preprint arXiv:2102.02465},
  year={2021}
}

@inproceedings{vasiliadis2014pixelvault,
  title={PixelVault: Using GPUs for securing cryptographic operations},
  author={Vasiliadis, Giorgos and Athanasopoulos, Elias and Polychronakis, Michalis and Ioannidis, Sotiris},
  booktitle={Proceedings of the 2014 ACM SIGSAC Conference on Computer and Communications Security},
  pages={1131--1142},
  year={2014}
}

@inproceedings{ng2021goten,
  title={Goten: GPU-Outsourcing Trusted Execution of Neural Network Training},
  author={Ng, Lucien KL and Chow, Sherman SM and Woo, Anna PY and Wong, Donald PH and Zhao, Yongjun},
  booktitle={Proceedings of the AAAI Conference on Artificial Intelligence},
  volume={35},
  number={17},
  pages={14876--14883},
  year={2021}
}

@article{tan2021cryptgpu,
  title={CRYPTGPU: Fast Privacy-Preserving Machine Learning on the GPU},
  author={Tan, Sijun and Knott, Brian and Tian, Yuan and Wu, David J},
  journal={arXiv preprint arXiv:2104.10949},
  year={2021}
}

@inproceedings{martins2020bao,
  title={Bao: A lightweight static partitioning hypervisor for modern multi-core embedded systems},
  author={Martins, Jos{\'e} and Tavares, Adriano and Solieri, Marco and Bertogna, Marko and Pinto, Sandro},
  booktitle={Workshop on Next Generation Real-Time Embedded Systems (NG-RES 2020)},
  year={2020},
  organization={Schloss Dagstuhl-Leibniz-Zentrum f{\"u}r Informatik}
}

@inproceedings{cicero2018reconciling,
  title={Reconciling security with virtualization: A dual-hypervisor design for ARM TrustZone},
  author={Cicero, Giorgiomaria and Biondi, Alessandro and Buttazzo, Giorgio and Patel, Anup},
  booktitle={2018 IEEE International Conference on Industrial Technology (ICIT)},
  pages={1628--1633},
  year={2018},
  organization={IEEE}
}

@inproceedings{sun2015trustice,
  title={Trustice: Hardware-assisted isolated computing environments on mobile devices},
  author={Sun, He and Sun, Kun and Wang, Yuewu and Jing, Jiwu and Wang, Haining},
  booktitle={2015 45th Annual IEEE/IFIP International Conference on Dependable Systems and Networks},
  pages={367--378},
  year={2015},
  organization={IEEE}
}

@Misc{CMA,
  Title                    = {{A deep dive into cma.}},
  HowPublished      = {\url{https://lwn.net/Articles/486301/}}
}

@Misc{Mali-T-Instruction,
  Title                    = {{Midgard Architecture}},
  HowPublished      = {\url{https://gitlab.freedesktop.org/panfrost/mali-isa-docs/-/blob/master/Midgard.md}}
}

@Misc{Mali-G-Instruction,
  Title                    = {{Mali-G78 GPU’s Valhall instruction set documentation released after reverse-engineering work}},
  HowPublished      = {\url{https://www.cnx-software.com/2021/07/23/mali-g78-gpu-valhall-instruction-set-documentation-reverse-engineering/}}
}

@inproceedings{chakraborty2018gpu,
  title={GPU obfuscation: attack and defense strategies},
  author={Chakraborty, Abhishek and Xie, Yang and Srivastava, Ankur},
  booktitle={Proceedings of the 55th Annual Design Automation Conference},
  pages={1--6},
  year={2018}
}

@inproceedings{jiang2016complete,
  title={A complete key recovery timing attack on a GPU},
  author={Jiang, Zhen Hang and Fei, Yunsi and Kaeli, David},
  booktitle={2016 IEEE International symposium on high performance computer architecture (HPCA)},
  pages={394--405},
  year={2016},
  organization={IEEE}
}

@article{kwon2019zerokernel,
  title={Zerokernel: Secure context-isolated execution on commodity gpus},
  author={Kwon, Ohmin and Kim, Yonggon and Huh, Jaehyuk and Yoon, Hyunsoo},
  journal={IEEE Transactions on Dependable and Secure Computing},
  year={2019},
  publisher={IEEE}
}

@inproceedings{ryoo2008optimization,
  title={Optimization principles and application performance evaluation of a multithreaded GPU using CUDA},
  author={Ryoo, Shane and Rodrigues, Christopher I and Baghsorkhi, Sara S and Stone, Sam S and Kirk, David B and Hwu, Wen-mei W},
  booktitle={Proceedings of the 13th ACM SIGPLAN Symposium on Principles and practice of parallel programming},
  pages={73--82},
  year={2008}
}

@inproceedings{zhou2009gpu,
  title={GPU-based parallel particle swarm optimization},
  author={Zhou, You and Tan, Ying},
  booktitle={2009 IEEE Congress on Evolutionary Computation},
  pages={1493--1500},
  year={2009},
  organization={IEEE}
}

@inproceedings{cao2017mobirnn,
  title={MobiRNN: Efficient recurrent neural network execution on mobile GPU},
  author={Cao, Qingqing and Balasubramanian, Niranjan and Balasubramanian, Aruna},
  booktitle={Proceedings of the 1st International Workshop on Deep Learning for Mobile Systems and Applications},
  pages={1--6},
  year={2017}
}

@inproceedings{holmes2019grnn,
  title={Grnn: Low-latency and scalable rnn inference on gpus},
  author={Holmes, Connor and Mawhirter, Daniel and He, Yuxiong and Yan, Feng and Wu, Bo},
  booktitle={Proceedings of the Fourteenth EuroSys Conference 2019},
  pages={1--16},
  year={2019}
}

@inproceedings{cheng2011using,
  title={Using mobile GPU for general-purpose computing--a case study of face recognition on smartphones},
  author={Cheng, Kwang-Ting and Wang, Yi-Chu},
  booktitle={Proceedings of 2011 International Symposium on VLSI Design, Automation and Test},
  pages={1--4},
  year={2011},
  organization={IEEE}
}

@article{gutierrez2013high,
  title={A high performance fingerprint matching system for large databases based on GPU},
  author={Gutierrez, Pablo David and Lastra, Miguel and Herrera, Francisco and Ben{\'\i}tez, Jos{\'e} Manuel},
  journal={IEEE Transactions on Information Forensics and Security},
  volume={9},
  number={1},
  pages={62--71},
  year={2013},
  publisher={IEEE}
}

@inproceedings{cook2005cryptographics,
  title={CryptoGraphics: Secret key cryptography using graphics cards},
  author={Cook, Debra L and Ioannidis, John and Keromytis, Angelos D and Luck, Jake},
  booktitle={Cryptographers’ Track at the RSA Conference},
  pages={334--350},
  year={2005},
  organization={Springer}
}

@article{dall2014kvm,
  title={KVM/ARM: the design and implementation of the linux ARM hypervisor},
  author={Dall, Christoffer and Nieh, Jason},
  journal={Acm Sigplan Notices},
  volume={49},
  number={4},
  pages={333--348},
  year={2014},
  publisher={ACM New York, NY, USA}
}

@inproceedings{hwang2008xen,
  title={Xen on ARM: System virtualization using Xen hypervisor for ARM-based secure mobile phones},
  author={Hwang, Joo-Young and Suh, Sang-Bum and Heo, Sung-Kwan and Park, Chan-Ju and Ryu, Jae-Min and Park, Seong-Yeol and Kim, Chul-Ryun},
  booktitle={2008 5th IEEE Consumer Communications and Networking Conference},
  pages={257--261},
  year={2008},
  organization={IEEE}
}

@inproceedings{ning2019understanding,
	title={Understanding the security of arm debugging features},
	author={Ning, Zhenyu and Zhang, Fengwei},
	booktitle={2019 IEEE Symposium on Security and Privacy (SP)},
	pages={602--619},
	year={2019},
	organization={IEEE}
}