@inproceedings{origin,
  author    = {unknown},
  title     = {THU Beamer Theme},
  year      = {2015},
  url       = {http://far.tooold.cn/post/latex/beamertsinghua},
}

@InProceedings{nailgun19,
	Title = {Understanding the security of ARM debugging features},
	Author = {Zhenyu Ning and Fengwei Zhang},
	Booktitle = {Proceedings of the 40th IEEE Symposium on Security and Privacy (S&P'19)},
	Year = {2019}
}

@Misc{armv8:arm,
  Title                    = {{ARMv8-A reference manual}},
  Author                   = {{ARM}},
  Timestamp                = {2015.09},
  HowPublished      = {\url{http://infocenter.arm.com/help/index.jsp?topic=/com.arm.doc.ddi0487a.k/index.html}}
}

@Misc{slides,
  Title                    = {{Nailgun: Breaking the Privilege Isolation on ARM}},
  Author                   = {{Ning Zhenyu}},
  Timestamp                = {2019.09},
  HowPublished      = {\url{https://fengweiz.github.io/19fa-cs315/slides/nailgun-zhenyu-ning.pdf}}
}

